01,031000053,FORTE,210712,0400,01,80,80,2/                                      
02,RCVR,031000053,1,210709,0400,USD,/                                           
03,8612093283,USD,,,,/              
16,491,30000000,,,00000000000,/                                                  
49,+30000000,3/                                                                
98,+30000000,1,5/                                                             
99,+30000000,1,7/                                                             
