01,031000053,FORTE,210712,0400,01,80,80,2/                                      
02,RCVR,031000053,1,210709,0400,USD,/                                           
03,8612093283,USD,010,+56915499,,,015,+26915499,,,040,+26915499,,/              
88,045,+26915499,,,072,000,,,074,000,,,400,+30000000,1,,690,+30000000,1,/       
16,491,30000000,,,00000000000/                                                  
88,ACCOUNT TRANSFER TO       0000004130114653                                   
49,+227661996,5/                                                                
03,8612096679,USD,010,+511395,,,015,+511395,,,040,+511395,,,045,+511395,,/      
88,072,000,,,074,000,,/                                                         
49,+2045580,3/                                                                  
03,8612096695,USD,010,+2261013,,,015,+2261013,,,040,+2261013,,,045,+2261013,,/  
88,072,000,,,074,000,,/                                                         
49,+9044052,3/                                                                  
03,8612096724,USD,010,+20149797,,,015,+20149797,,,040,+20149797,,/              
88,045,+20149797,,,072,000,,,074,000,,/                                         
49,+80599188,3/                                                                 
03,8612096919,USD,010,+380700,,,015,+380700,,,040,+380700,,,045,+380700,,/      
88,072,000,,,074,000,,/                                                         
49,+1522800,3/                                                                  
03,8612096927,USD,010,000,,,015,000,,,040,000,,,045,000,,,072,000,,,074,000,,/  
49,000,2/                                                                       
03,8612097647,USD,010,+10230271,,,015,+9673600,,,040,+9673600,,/                
88,045,+9673600,,,072,000,,,074,000,,,400,+556671,3,,450,+556671,3,/            
16,455,16015,,,00000000000/                                                     
88,                     ACH       SER CAP PART MGT/                             
16,455,40656,,,00000000000/                                                     
88,                     ACH       SER CAP PART MGT/                             
16,455,500000,,,00000000000/                                                    
88,                     ACH       SER CAP PART MGT/                             
49,+40921084,9/                                                                 
03,8612110207,USD,010,000,,,015,000,,,040,000,,,045,000,,,072,000,,,074,000,,/  
49,000,2/                                                                       
03,8612110389,USD,010,000,,,015,000,,,040,000,,,045,000,,,072,000,,,074,000,,/  
49,000,2/                                                                       
98,+361794700,9,34/                                                             
02,RCVR,041000124,1,210709,0400,USD,/                                           
03,4130114653,USD,010,+9478698,,,015,+15622728,,,040,+15622728,,/               
88,045,+15622728,,,072,000,,,074,000,,,100,+30000000,1,,390,+30000000,1,/       
88,400,+23855970,2,,450,+23855970,2,/                                           
16,191,30000000,S,30000000,000,000,,00000000000/                                
88,ACCOUNT TRANSFER FROM     0000008612093283                                   
16,455,1500000,,,00000000000/                                                   
88,                     ACH       PERFECT POWER SO/                             
16,455,22355970,,,00000000000/                                                  
88,                     ACH       PERFECT POWER SO/                             
49,+217914792,10/                                                               
98,+217914792,1,12/                                                             
99,+579709492,2,48/                                                             
