01,031000053,FORTE,210615,0400,01,80,80,2/                                      
02,RCVR,031000053,1,210614,0400,USD,/                                           
03,8612093283,USD,010,+12703938,,,015,+12703938,,,040,+12703938,,/              
88,045,+12703938,,,072,000,,,074,000,,/                                         
49,+50815752,3/                                                                 
03,8612096679,USD,010,+4512536,,,015,000,,,040,000,,,045,000,,,072,000,,/       
88,074,000,,,400,+4512536,1,,450,+4512536,1,/                                   
16,455,4512536,,,00000000000/                                                   
88,9WNO00               INVOICE   TRINET                                        
49,+18050144,5/                                                                 
03,8612096695,USD,010,+1540000,,,015,+1540000,,,040,+1540000,,,045,+1540000,,/  
88,072,000,,,074,000,,/                                                         
49,+6160000,3/                                                                  
03,8612096724,USD,010,+15169397,,,015,+15169397,,,040,+15169397,,/              
88,045,+15169397,,,072,000,,,074,000,,/                                         
49,+60677588,3/                                                                 
03,8612096919,USD,010,+718500,,,015,+1486900,,,040,+1486900,,,045,+1486900,,/   
88,072,000,,,074,000,,,100,+768400,1,,140,+768400,1,/                           
16,145,768400,S,768400,000,000,,00000000000/                                    
88,1174600              DEPOSIT   NEWDIRECTION IRA/                             
49,+7484400,5/                                                                  
03,8612096927,USD,010,000,,,015,000,,,040,000,,,045,000,,,072,000,,,074,000,,/  
49,000,2/                                                                       
03,8612097647,USD,010,+3390633,,,015,+3090633,,,040,+3090633,,,045,+3090633,,/  
88,072,000,,,074,000,,,400,+300000,1,,450,+300000,1,/                           
16,455,300000,,,00000000000/                                                    
88,                     WEBPAYMENTBLUERIVERPARTNER/                             
49,+13562532,5/                                                                 
98,+156750416,7,28/                                                             
02,RCVR,041000124,1,210614,0400,USD,/                                           
03,4130114653,USD,010,+4896113,,,015,+4896113,,,040,+4896113,,,045,+4896113,,/  
88,072,000,,,074,000,,/                                                         
49,+19584452,3/                                                                 
98,+19584452,1,5/                                                               
99,+176334868,2,35/                                                             
