01,STB-DK3,STB-EU4,090621,0200,1,65,,2/
02,EUR OPER,STB,1,040620,2359,USD,2/
03,38484322894,,010,+4350000,,,040,2830000,,/
88,072,1020000,,,074,500000,,/
16,475,450000,D,3,1,100,2,200,3,300,111,902,/
49,9150000,4/
03,38484322894,,010,-500000,,,100,1000000,,,400,2000000,,,190/
88,500000,,,110,1000000,,,072,500000,,,074,500000,,,040/
88,-1500000,,/
16,475,500000,S,,200000,300000,,903,LOCK BOX NO.63461
49,4000000,5/
98,13150000,2,11/
02,053003456,STB,1,040620,2359,USD,2/
03,38484322894,,010,10000000,,,040,5000000,,,074,4000000,,/
88,400,50000000,,,100,60000000,,,110,20000000,,,072,1000000,,/
16,475,500000,V,040622,,904,904/
88,PROCEEDS OF LETTER OF CREDIT FROM THE ABC CO
16,475,10000000,1,,905,/
49,180000000,6/
98,180000000,1,8/
99,343227000,2,23/